<?xml version="1.0" encoding="UTF-8"?><collection xmlns="http://www.loc.gov/MARC21/slim"><record><leader>00397nam--2200133-i-4500</leader><controlfield tag="001">000026361</controlfield><controlfield tag="002">20161230</controlfield><controlfield tag="005">20161230201036</controlfield><controlfield tag="008">060222s1000------------r-----000-0-eng-d</controlfield><datafield ind1=" " ind2=" " tag="080"><subfield code="a">547</subfield></datafield><datafield ind1=" " ind2=" " tag="100"><subfield code="a">Katritzky, A.R.Und Lagowski, J.M</subfield></datafield><datafield ind1=" " ind2=" " tag="245"><subfield code="a">Chemie der heterocyclen. theoretische grundlagen. darstellungsmethoden. reaktionen</subfield></datafield><datafield ind1=" " ind2=" " tag="260"><subfield code="a">Berlin, Springer-verlag, 1968, Xii + 183p</subfield></datafield><datafield ind1=" " ind2=" " tag="852"><subfield code="a">29431</subfield></datafield></record></collection>